
@article{mullin,
  title={Programmed cooling of batch crystallizers},
  author={Mullin, JW and N{\`y}vlt, J},
  journal={Chemical Engineering Science},
  volume={26},
  number={3},
  pages={369--377},
  year={1971},
  publisher={Elsevier}
}

@article{agjones,
  title={Optimal operation of a batch cooling crystallizer},
  author={Jones, AG},
  journal={Chemical Engineering Science},
  volume={29},
  number={5},
  pages={1075--1087},
  year={1974},
  publisher={Elsevier}
}

@article{rawlings,
  title={Modelling and control of crystallizers},
  author={Rawlings, James B and Witkowski, Walter R and Eaton, John W},
  journal={Powder technology},
  volume={69},
  number={1},
  pages={3--9},
  year={1992},
  publisher={Elsevier}
}
@article{miller_rawlings,
  title={Model identification and control strategies for batch cooling crystallizers},
  author={Miller, Stephen M and Rawlings, James B},
  journal={AIChE Journal},
  volume={40},
  number={8},
  pages={1312--1327},
  year={1994},
  publisher={Wiley Online Library}
}
@article{hu,
  title={Modelling and optimization of seeded batch crystallizers},
  author={Hu, Q and Rohani, S and Jutan, A},
  journal={Computers \& chemical engineering},
  volume={29},
  number={4},
  pages={911--918},
  year={2005},
  publisher={Elsevier}
}

@article{shi,
  title={Predictive control of particle size distribution in particulate processes},
  author={Shi, Dan and El-Farra, Nael H and Li, Mingheng and Mhaskar, Prashant and Christofides, Panagiotis D},
  journal={Chemical Engineering Science},
  volume={61},
  number={1},
  pages={268--281},
  year={2006},
  publisher={Elsevier}
}

@article{paeng,
  title={Product quality improvement of batch crystallizers by a batch-to-batch optimization and nonlinear control approach},
  author={Paengjuntuek, Woranee and Arpornwichanop, Amornchai and Kittisupakorn, Paisan},
  journal={Chemical Engineering Journal},
  volume={139},
  number={2},
  pages={344--350},
  year={2008},
  publisher={Elsevier}
}
@article{yenkie,
  title={Stochastic optimal control of seeded batch crystallizer applying the ito process},
  author={Yenkie, Kirti M and Diwekar, Urmila},
  journal={Industrial \& Engineering Chemistry Research},
  volume={52},
  number={1},
  pages={108--122},
  year={2012},
  publisher={ACS Publications}
}
@article{wong,
  title={On the relation between ordinary and stochastic differential equations},
  author={Eugene, Wong and Moshe, Zakai},
  journal={International Journal of Engineering Science},
  volume={3},
  number={2},
  pages={213--229},
  year={1965},
  publisher={Elsevier}
}

@article{corriou,
  title={A new look at optimal control of a batch crystallizer},
  author={Corriou, Jean-Pierre and Rohani, Sohrab},
  journal={AIChE journal},
  volume={54},
  number={12},
  pages={3188--3206},
  year={2008},
  publisher={Wiley Online Library}
}


@book{diwekar,
  title={Introduction to applied optimization},
  author={Diwekar, Urmila},
  volume={22},
  year={2008},
  publisher={Springer Science \& Business Media}
}


@article{grosso,
  title={Stochastic approach for the prediction of PSD in crystallization processes: Formulation and comparative assessment of different stochastic models},
  author={Grosso, Massimiliano and Cogoni, Giuseppe and Baratti, Roberto and Romagnoli, Jose A},
  journal={Industrial \& Engineering Chemistry Research},
  volume={50},
  number={4},
  pages={2133--2143},
  year={2011},
  publisher={ACS Publications}
}

@article{ma,
  title={Worst-case performance analysis of optimal batch control trajectories},
  author={Ma, David L and Chung, Serena H and Braatz, Richard D},
  journal={AIChE journal},
  volume={45},
  number={7},
  pages={1469--1476},
  year={1999},
  publisher={Wiley Online Library}
}

@article{benavides,
  title={Optimal control of biodiesel production in a batch reactor: Part II: Stochastic control},
  author={Benavides, Pahola T and Diwekar, Urmila},
  journal={Fuel},
  volume={94},
  pages={218--226},
  year={2012},
  publisher={Elsevier}
}

@article{ramirez,
  title={Stochastic maximum principle for optimal control under uncertainty},
  author={Rico-Ramirez, Vicente and Diwekar, Urmila M},
  journal={Computers \& Chemical Engineering},
  volume={28},
  number={12},
  pages={2845--2849},
  year={2004},
  publisher={Elsevier}
}
@article{lindenberg,
  title={Continuous precipitation of L-asparagine monohydrate in a micromixer: Estimation of nucleation and growth kinetics},
  author={Lindenberg, Christian and Mazzotti, Marco},
  journal={AIChE journal},
  volume={57},
  number={4},
  pages={942--950},
  year={2011},
  publisher={Wiley Online Library}
}
@article{ghanem,
  title={Polynomial chaos in stochastic finite elements},
  author={Ghanem, Roger and Spanos, Pol D},
  journal={Journal of Applied Mechanics},
  volume={57},
  number={1},
  pages={197--202},
  year={1990},
  publisher={American Society of Mechanical Engineers}
}

@article{ghanem1997,
  title={Spectral techniques for stochastic finite elements},
  author={Ghanem, Roger G and Spanos, Pol D},
  journal={Archives of Computational Methods in Engineering},
  volume={4},
  number={1},
  pages={63--100},
  year={1997},
  publisher={Springer}
}
@article{chaospy,
  title={Chaospy: An open source tool for designing methods of uncertainty quantification},
  author={Feinberg, Jonathan and Langtangen, Hans Petter},
  journal={Journal of Computational Science},
  volume={11},
  pages={46--57},
  year={2015},
  publisher={Elsevier}
}
@article{mesbah,
  title={Stochastic nonlinear model predictive control with probabilistic constraints},
  author={Mesbah, Ali and Streif, Stefan and Findeisen, Rolf and Braatz, Richard D},
  booktitle={American Control Conference (ACC), 2014},
  pages={2413--2419},
  year={2014},
  organization={IEEE}
}
@article{mesbah2014active,
  title={Active fault diagnosis for nonlinear systems with probabilistic uncertainties},
  author={Mesbah, Ali and Streif, Stefan and Findeisen, Rolf and Braatz, Richard D},
  journal={IFAC Proceedings Volumes},
  volume={47},
  number={3},
  pages={7079--7084},
  year={2014},
  publisher={Elsevier}
}
@article{fagiano,
  title={Nonlinear stochastic model predictive control via regularized polynomial chaos expansions},
  author={Fagiano, Lorenzo and Khammash, Mustafa},
  booktitle={Decision and Control (CDC), 2012 IEEE 51st Annual Conference on},
  pages={142--147},
  year={2012},
  organization={IEEE}
}

@article{huschto,
  title={Stochastic optimal control in the perspective of the Wiener chaos},
  author={Huschto, Tony and Sager, Sebastian},
  booktitle={Control Conference (ECC), 2013 European},
  pages={3059--3064},
  year={2013},
  organization={IEEE}
}

@article{nagy,
  title={Distributional uncertainty analysis using power series and polynomial chaos expansions},
  author={Nagy, ZK and Braatz, RD},
  journal={Journal of Process Control},
  volume={17},
  number={3},
  pages={229--240},
  year={2007},
  publisher={Elsevier}
}
@article{kim,
  title={Probabilistic analysis and control of uncertain dynamic systems: Generalized polynomial chaos expansion approaches},
  author={Kim, Kwang Ki Kevin and Braatz, Richard D},
  booktitle={American Control Conference (ACC), 2012},
  pages={44--49},
  year={2012},
  organization={IEEE}
}
@article{kumar,
  title={Robust nonlinear MPC based on Volterra series and polynomial chaos expansions},
  author={Kumar, Divya and Budman, Hector},
  journal={Journal of Process Control},
  volume={24},
  number={1},
  pages={304--317},
  year={2014},
  publisher={Elsevier}
}
@article{bhoi,
  title={Particle engineering by optimization for the unseeded batch cooling crystallization of l-asparagine monohydrate},
  author={Bhoi, Stutee and Lenka, Maheswata and Sarkar, Debasis},
  journal={CrystEngComm},
  volume={19},
  number={42},
  pages={6373--6382},
  year={2017},
  publisher={Royal Society of Chemistry}
}
@article{nagy2,
  title={Determination of the kinetic parameters for the crystallization of paracetamol from water using metastable zone width experiments},
  author={Nagy, Zoltan K and Fujiwara, Mitsuko and Woo, Xing Yi and Braatz, Richard D},
  journal={Industrial \& Engineering Chemistry Research},
  volume={47},
  number={4},
  pages={1245--1252},
  year={2008},
  publisher={ACS Publications}
}
@article{wiener,
  title={The homogeneous chaos},
  author={Wiener, Norbert},
  journal={American Journal of Mathematics},
  volume={60},
  number={4},
  pages={897--936},
  year={1938},
  publisher={JSTOR}
}
@article{xiuwiener,
  title={The Wiener--Askey polynomial chaos for stochastic differential equations},
  author={Xiu, Dongbin and Karniadakis, George Em},
  journal={SIAM journal on scientific computing},
  volume={24},
  number={2},
  pages={619--644},
  year={2002},
  publisher={SIAM}
}
@article{xiu2010,
  title={Numerical methods for stochastic computations: a spectral method approach},
  author={Xiu, Dongbin},
  year={2010},
  publisher={Princeton university press}
}
@article{eldred2009recent,
  title={Recent advances in non-intrusive polynomial chaos and stochastic collocation methods for uncertainty analysis and design},
  author={Eldred, Michael},
  booktitle={50th AIAA/ASME/ASCE/AHS/ASC Structures, Structural Dynamics, and Materials Conference 17th AIAA/ASME/AHS Adaptive Structures Conference 11th AIAA No},
  pages={2274},
  year={2009}
}
@article{mahajan1994nucleation,
  title={Nucleation and growth kinetics of biochemicals measured at high supersaturations},
  author={Mahajan, Amarjit J and Kirwan, Donald J},
  journal={Journal of crystal growth},
  volume={144},
  number={3-4},
  pages={281--290},
  year={1994},
  publisher={Elsevier}
}
@article{zarkadas2006antisolvent,
  title={Antisolvent crystallization in porous hollow fiber devices},
  author={Zarkadas, Dimitrios M and Sirkar, Kamalesh K},
  journal={Chemical engineering science},
  volume={61},
  number={15},
  pages={5030--5048},
  year={2006},
  publisher={Elsevier}
}
@article{mao2010kinetics,
  title={Kinetics of (R, S)-and (R)-mandelic acid in an unseeded cooling batch crystallizer},
  author={Mao, Shimin and Zhang, Yan and Rohani, Sohrab and Ray, Ajay K},
  journal={Journal of Crystal Growth},
  volume={312},
  number={22},
  pages={3340--3348},
  year={2010},
  publisher={Elsevier}
}
@article{nowee,
  title={Optimization in seeded cooling crystallization: A parameter estimation and dynamic optimization study},
  author={Nowee, S Mostafa and Abbas, Ali and Romagnoli, Jose A},
  journal={Chemical Engineering and Processing: Process Intensification},
  volume={46},
  number={11},
  pages={1096--1106},
  year={2007},
  publisher={Elsevier}
}
@article{yang2013model,
  title={Model-based systematic design and analysis approach for unseeded combined cooling and antisolvent crystallization (CCAC) systems},
  author={Yang, Yang and Nagy, Zoltan K},
  journal={Crystal Growth \& Design},
  volume={14},
  number={2},
  pages={687--698},
  year={2013},
  publisher={ACS Publications}
}
@article{streif2014stochastic,
  title={Stochastic nonlinear model predictive control with efficient sample approximation of chance constraints},
  author={Streif, Stefan and Karl, Matthias and Mesbah, Ali},
  journal={arXiv preprint arXiv:1410.4535},
  year={2014}
}